@book{Mueller2020,
  author    = {Hans Müller},
  title     = {Einführung in die Betriebswirtschaftslehre},
  year      = {2020},
  edition   = {3},
  publisher = {Verlag XY},
  location  = {München}
}

@article{Schmidt2021,
  author  = {Petra Schmidt},
  title   = {Nachhaltigkeit in der Wirtschaft},
  journal = {Zeitschrift für Umweltökonomie},
  year    = {2021},
  volume  = {45},
  number  = {3},
  pages   = {123--135}
}

@online{Weber2022,
  author    = {Lisa Weber},
  title     = {Digitalisierung im Mittelstand},
  year      = {2022},
  url       = {https://www.digitalisierung.de},
  note      = {Abgerufen am 01.09.2023}
}
